<record><leader>00000cas a22000007a 4500</leader><controlfield tag="001">14707986</controlfield><controlfield tag="008">861113d186u187utxuwr ne      0    0eng d</controlfield><datafield ind1=" " ind2=" " tag="010"><subfield code="a">sn 86090050 </subfield></datafield><datafield ind1=" " ind2=" " tag="040"><subfield code="a">PPM</subfield><subfield code="b">eng</subfield><subfield code="c">PPM</subfield><subfield code="d">OCL</subfield><subfield code="d">PPM</subfield><subfield code="d">OCLCQ</subfield></datafield><datafield ind1=" " ind2=" " tag="042"><subfield code="a">msc</subfield></datafield><datafield ind1="0" ind2=" " tag="130"><subfield code="a">Lone star ranger (Navasota, Tex.)</subfield></datafield><datafield ind1="1" ind2="0" tag="245"><subfield code="a">Lone star ranger.</subfield></datafield><datafield ind1="1" ind2="3" tag="246"><subfield code="a">Texas ranger</subfield></datafield><datafield ind1="1" ind2="7" tag="246"><subfield code="a">Texas ranger and lone star</subfield></datafield><datafield ind1=" " ind2=" " tag="260"><subfield code="a">Navasota, Tex. :</subfield><subfield code="b">[s.n.]</subfield></datafield><datafield ind1=" " ind2=" " tag="300"><subfield code="a">v. ;</subfield><subfield code="c">62 cm.</subfield></datafield><datafield ind1=" " ind2=" " tag="310"><subfield code="a">Weekly</subfield></datafield><datafield ind1=" " ind2=" " tag="530"><subfield code="a">Available on microfilm from the Center for American History, University of Texas at Austin.</subfield></datafield><datafield ind1=" " ind2=" " tag="588"><subfield code="a">Description based on: Vol. 20, no. 31 (Jan. 19, 1870).</subfield></datafield><datafield ind1=" " ind2=" " tag="752"><subfield code="a">United States</subfield><subfield code="b">Texas</subfield><subfield code="c">Grimes</subfield><subfield code="d">Navasota.</subfield></datafield><datafield ind1="0" ind2="0" tag="780"><subfield code="t">Texas ranger (Navasota, Tex.)</subfield><subfield code="w">(DLC)sn 84022077</subfield></datafield><datafield ind1="0" ind2="0" tag="785"><subfield code="t">Lone star ranger (Austin, Tex. : 1872)</subfield><subfield code="w">(DLC)sn 86008831</subfield></datafield></record>